@article{midos,
author = {Radbruch, L and Sabatowski, R and Loick, G and Jonen-Thielemann, I and Elsner, F and Hörmann, EA},
year = {2000},
month = {08},
pages = {231-9},
title = {{MIDOS – validation of a minimal documentation system for palliative medicine}},
volume = {14},
journal = {Schmerz (Berlin, Germany)},
doi = {10.1007/s004820000034}
},

@book{wei2012android,
  title={Android Database Programming},
  author={Wei, Jason},
  series={Community experience distilled},
  year={2012},
  publisher={Packt Publishing}
}

@misc{room1,
author = {Medium},
year = {2019},
title = {{Using Room Database - Android Jetpack}}, 
howpublished = {\url{https://medium.com/mindorks/using-room-database-android-jetpack-675a89a0e942}},
note = {Accessed: 2020-03-18}
}, 

@misc{room2,
author = {Android developer guides},
title = {{Save data in a local database using Room}}, 
howpublished = {\url{https://developer.android.com/training/data-storage/room}},
note = {Accessed: 2020-03-16}
}, 

@misc{livedata1,
author = {Medium},
year = {2019},
title = {{Using Room Database with LiveData - Android Jetpack}}, 
howpublished = {\url{https://medium.com/mindorks/using-room-database-with-livedata-android-jetpack-cbf89b677b47}},
note = {Accessed: 2020-03-18}
}, 

@misc{livedata2,
author = {Android developer codelabs},
title = {{Android Room with a View - Java Codelab}}, 
howpublished = {\url{https://codelabs.developers.google.com/codelabs/android-room-with-a-view/}},
note = {Accessed: 2020-03-18}
}, 

@misc{retrofit1,
author = {Medium},
year = {2017},
title = {{Retrofit - A simple Android tutorial}}, 
howpublished = {\url{https://medium.com/@prakash_pun/retrofit-a-simple-android-tutorial-48437e4e5a23}},
note = {Accessed: 2020-03-20}
}, 

@misc{retrofit2,
author = {Codepath},
title = {{Consuming APIs with Retrofit}}, 
howpublished = {\url{https://guides.codepath.com/android/consuming-apis-with-retrofit}},
note = {Accessed: 2020-03-22}
}, 

@misc{rki1,
author = {Robert Koch-Institut},
year = {2015},
pages = {333}, 
title = {{Gesundheitsberichterstattung des Bundes gemeinsam von RKI und Destatis. Gesundheit in Deutschland. Palliativversorgung}}, 
howpublished = {\url{https://www.rki.de/DE/Content/Gesundheitsmonitoring/Gesundheitsberichterstattung/GesInDtld/gesundheit_in_deutschland_2015.pdf?__blob=publicationFile}},
note = {Accessed: 2020-03-09}
}, 

@misc{pruetz,
author = {Prütz, F and Saß, AC},
year = {2017},
pages = {333}, 
publisher = {Springer Verlag, Berlin-Heidelberg}, 
title = {{Daten zur Palliativversorgung in Deutschland. Welche Datenquellen gibt es, und was sagen sie aus?}}, 
howpublished = {\url{https://edoc.rki.de/bitstream/handle/176904/2943/27htYoRLOnIM6.pdf?sequence=1&isAllowed=y}},
note = {Accessed: 2020-03-15}
}, 

@misc{radbruch,
author = {Radbruch, L and Andersohn, F and Walker, J},
year = {2015},
pages = {8}, 
publisher = {Bertelsmann Stiftung}, 
title = {{Faktencheck Gesundheit. Palliativversorgung. Analyse ausgewähler Behandlungen am Lebensende}}, 
howpublished = {\url{https://www.bertelsmann-stiftung.de/fileadmin/files/BSt/Publikationen/GrauePublikationen/Studie_VV__FCG_Ueber-Unterversorgung-palliativ.pdf}},
note = {Accessed: 2020-03-09}
},

@misc{hospiz,
author = {Deutscher Hospiz- und PalliativVerband e.V.},
publisher = {Bertelsmann Stiftung}, 
title = {{Zahlen und Fakten}}, 
howpublished = {\url{https://www.dhpv.de/service_zahlen-fakten.html}},
note = {Accessed: 2020-03-09}
},

@misc{grote,
author = {Grote-Westrick, M and Volbracht, E},
year = {2015},
pages = {2}, 
publisher = {Bertelsmann Stiftung}, 
title = {{Faktencheck Gesundheit. Spotlight Gesundheit. Daten, Analysen, Perspektiven. Palliativversorgung}}, 
howpublished = {\url{https://www.bertelsmann-stiftung.de/fileadmin/files/BSt/Publikationen/GrauePublikationen/SPOTGes_VV_Palliativversorgung_2015.pdf}},
note = {Accessed: 2020-03-09}
},

@article{nwosu,
author = {Nwosu, AC and Mason, S},
year = {2012},
journal = {Supportive and Palliative Care}
title = {Palliative medicine and smartphone: an opportunity for innovation?}, 
howpublished = {\url{https://www.researchgate.net/publication/260999840_Palliative_medicine_and_smartphones_an_opportunity_for_innovation}},
note = {Accessed: 2020-03-09}
},

@misc{zabel,
author = {Zabel, M}, 
year = {2019}, 
title = {{Diese Apps für Senioren erleichtern den Alltag}}, 
howpublished = {\url{https://www.otto.de/updated/ratgeber/diese-apps-fuer-senioren-erleichtern-den-alltag-73306/}},
note = {Accessed: 2019-11-09}
},

@misc{just,
author = {Justinmind}, 
year = {2018}, 
title = {{20 inspiring splash screen designs. UX and Prototyping}}, 
howpublished = {\url{https://www.justinmind.com/blog/20-inspiring-splash-screen-designs}},
note = {Accessed: 2020-01-11}
},

@misc{liquide,
author = {Liquide State}, 
year = {2017}, 
title = {{App Onboarding: What Is It and Why Do We Need It?}}, 
howpublished = {\url{https://liquid-state.com/what-is-app-onboarding}},
note = {Accessed: 2020-01-11}
},